<?xml version="1.0" encoding="UTF-8"?><collection xmlns="http://www.loc.gov/MARC21/slim"><record><leader>00551nam--2200181-i-4500</leader><controlfield tag="001">000003507</controlfield><controlfield tag="002">20161230</controlfield><controlfield tag="005">20161230201025</controlfield><controlfield tag="008">060222s1000------------r-----000-0-eng-d</controlfield><datafield ind1=" " ind2=" " tag="040"><subfield code="a">IFIN-HH</subfield></datafield><datafield ind1=" " ind2=" " tag="080"><subfield code="a">539.42(061.3)</subfield></datafield><datafield ind1="1" ind2=" " tag="100"><subfield code="a">Deyan, Tan</subfield></datafield><datafield ind1="1" ind2="0" tag="245"><subfield code="a">Proceedings of icf international symposium on fracture mechanics (beijing) 22-25 november 1983, beijing, china</subfield><subfield code="c">Tan deyan, chen daning (eds.)</subfield></datafield><datafield ind1=" " ind2=" " tag="260"><subfield code="a">Beijing</subfield><subfield code="b">Science Press</subfield><subfield code="c">1983</subfield></datafield><datafield ind1=" " ind2=" " tag="300"><subfield code="a">1101P</subfield></datafield><datafield ind1="1" ind2=" " tag="700"><subfield code="a">Daning, Chen</subfield></datafield><datafield ind1=" " ind2=" " tag="852"><subfield code="a">73005</subfield><subfield code="c">539.4</subfield></datafield><datafield ind1=" " ind2=" " tag="CAT"><subfield code="a">Sys</subfield><subfield code="c">20130129</subfield><subfield code="h">172017</subfield></datafield></record></collection>